<?xml version="1.0" encoding="UTF-8"?>
<record xmlns="http://www.loc.gov/MARC21/slim" xmlns:xsi="http://www.w3.org/2001/XMLSchema-instance" xsi:schemaLocation="http://www.loc.gov/MARC21/slim http://www.loc.gov/standards/marcxml/schema/MARC21slim.xsd">
<leader>00000cam a2200265 a 4500</leader>
<controlfield tag="001">000519484</controlfield>
<controlfield tag="003">NNU</controlfield>
<controlfield tag="005">20140402131249.0</controlfield>
<controlfield tag="008">960110s1962    sy h     b   f000 0 arao</controlfield>
<datafield tag="010" ind1=" " ind2=" ">
<subfield code="a">ne 64000429</subfield>
</datafield>
<datafield tag="035" ind1="9" ind2=" ">
<subfield code="a">NYUb13508798</subfield>
</datafield>
<datafield tag="035" ind1=" " ind2=" ">
<subfield code="a">(OCoLC)ocm34014374</subfield>
<subfield code="z">(OCoLC)34014374</subfield>
</datafield>
<datafield tag="035" ind1=" " ind2=" ">
<subfield code="a">(NYU)NYUb13508798</subfield>
<subfield code="z">(NYU)NYUb13551474</subfield>
</datafield>
<datafield tag="040" ind1=" " ind2=" ">
<subfield code="a">DLC</subfield>
<subfield code="c">CUY</subfield>
<subfield code="d">CUY</subfield>
<subfield code="d">OSU</subfield>
<subfield code="d">OCLCQ</subfield>
<subfield code="d">NNU</subfield>
</datafield>
<datafield tag="050" ind1=" " ind2="4">
<subfield code="a">BP175.J5</subfield>
<subfield code="b">Z3</subfield>
</datafield>
<datafield tag="066" ind1=" " ind2=" ">
<subfield code="c">(3</subfield>
</datafield>
<datafield tag="100" ind1="1" ind2=" ">
<subfield code="a">Zanjānī, Maḥmūd ibn Aḥmad,</subfield>
<subfield code="d">1177 or 8-1258</subfield>
<subfield code="6">880-01</subfield>
</datafield>
<datafield tag="245" ind1="1" ind2="0">
<subfield code="6">880-02</subfield>
<subfield code="a">Takhrīj al-furūʻ ʻalā al-uṣūl /</subfield>
<subfield code="c">li-Abī al-Manāqib Shihāb al-Dīn Maḥmūd ibn Aḥmad al-Zanjānī ; ḥaqqaqahu wa-ʻallaqa ʻalayhi Muḥammad Adīb Ṣāliḥ ; qaddama lahu Muḥammad Sallām Madkūr.</subfield>
</datafield>
<datafield tag="260" ind1=" " ind2=" ">
<subfield code="6">880-03</subfield>
<subfield code="a">Dimashq :</subfield>
<subfield code="b">Jāmiʻat Dimashq, Kulliyat al-Sharīʻah,</subfield>
<subfield code="c">[1962]</subfield>
</datafield>
<datafield tag="300" ind1=" " ind2=" ">
<subfield code="a">44, 278 p. :</subfield>
<subfield code="b">facsims. ;</subfield>
<subfield code="c">25 cm.</subfield>
</datafield>
<datafield tag="500" ind1=" " ind2=" ">
<subfield code="a">"Yanshuru li-awwal murrah ʻan nuskhatayn makhṭūṭatayn."</subfield>
</datafield>
<datafield tag="504" ind1=" " ind2=" ">
<subfield code="a">Includes bibliographical references (p. 269-276).</subfield>
</datafield>
<datafield tag="650" ind1=" " ind2="0">
<subfield code="a">Islamic law.</subfield>
</datafield>
<datafield tag="880" ind1="1" ind2=" ">
<subfield code="6">100-01/</subfield>
<subfield code="a">زنجاني، محمود بن احمد،</subfield>
<subfield code="d">1177 ر 81258.</subfield>
</datafield>
<datafield tag="880" ind1="1" ind2="0">
<subfield code="6">245-02/</subfield>
<subfield code="a">تخريج الفروع عل&amp;#x06CC; الاصول /</subfield>
<subfield code="c">لابي المناقب شهاب الدين محمود بن احمد الزنجاني ؛ حققه وعلق عليه محمد اديب صالح ؛ قدم له محمد سلام مدكور.</subfield>
</datafield>
<datafield tag="880" ind1=" " ind2=" ">
<subfield code="6">260-03/</subfield>
<subfield code="a">دمشق :</subfield>
<subfield code="b">جامعة دمشق، كلية الشريعة،</subfield>
<subfield code="c">[1962]</subfield>
</datafield>
<datafield tag="OWN" ind1=" " ind2=" ">
<subfield code="a">GENERAL</subfield>
</datafield>
<datafield tag="AVA" ind1=" " ind2=" ">
<subfield code="a">NYU50</subfield>
<subfield code="b">BOBST</subfield>
<subfield code="c">Main Collection</subfield>
<subfield code="d">BP175.J5 Z3</subfield>
<subfield code="e">unavailable</subfield>
<subfield code="t">Unavailable</subfield>
<subfield code="f">1</subfield>
<subfield code="g">1</subfield>
<subfield code="h">N</subfield>
<subfield code="i">1</subfield>
<subfield code="j">MAIN</subfield>
<subfield code="k">0</subfield>
</datafield>
</record>
